@misc{mollerdk,
  title={dk. brics. automaton--finite-state automata and regular expressions for Java, 2005},
  author={M{\o}ller, A.}
}
@misc{tpch,
  title={TPC Benchmark™, http://www.tpc.org/tpch/},
  author={Transaction Performance Council}
}

@misc{hadoop,
  title={TPC Benchmark™, http://www.tpc.org/tpch/},
  author={Transaction Performance Council}
}

@misc{scoobi,
  title={The Scoobi framework, http://www.tpc.org/tpch/},
}

@misc{crunch,
  title={The Crunch framework, http://www.tpc.org/tpch/},
}


@inproceedings{spark-nsdi:_2012,
        title = {Resilient Distributed Datasets: A Fault-Tolerant Abstraction for In-Memory Cluster Computing},
        shorttitle = {Resilient Distributed Datasets},
        booktitle = {Proceedings of {NSDI}},
        author = {M. Zaharia, M. Chowdhury, T. Das, A. Dave, J. Ma, M. McCauley, M. J. Franklin, S. Shenker, and I. Stoica},
        year = {2012},
}
