@inproceedings{rompf_lightweight_2010,
	title = {Lightweight modular staging: a pragmatic approach to runtime code generation and compiled {DSLs}},
	shorttitle = {Lightweight modular staging},
	booktitle = {Proceedings of the ninth international conference on Generative programming and component engineering},
	author = {Rompf, T. and Odersky, M.},
	year = {2010},
	pages = {127â€“136},
	file = {Google Scholar Linked Page:/home/vjovanov/.zotero/zotero/fwqxvpuo.default/zotero/storage/JW7F77JV/citation.html:text/html;p127-rompf.pdf:/home/vjovanov/.zotero/zotero/fwqxvpuo.default/zotero/storage/JA7CTU6T/p127-rompf.pdf:application/pdf}
}

